@MISC{WikiTSPimage
    author = {Wikipedia},
    title = {Travelling salesman problem solved with simulated annealing},
    year = {2018},
    note = {[Online; accessed August 4, 2023]},
    url = {https://commons.wikimedia.org/wiki/File:Travelling_salesman_problem_solved_with_simulated_annealing.gif}
}

@MISC{xkcdCodeQuality,
  author = {{xkcd}},
  title = {Code Quality},
  note = {[Online; accessed August 11, 2023]},
  url = {https://xkcd.com/1513/},
}

@MISC{xkcdCodeFlowChart,
  author = {{xkcd}},
  title = {Code Quality},
  note = {[Online; accessed August 11, 2023]},
  url = {https://xkcd.com/844/},
}

@book{cohen2013statistical,
  title={Statistical power analysis for the behavioral sciences},
  author={Cohen, Jacob},
  year={2013},
  publisher={Academic press}
}